101 026009593 02600959323011300000094101Bank Of America        Bank Of America                
5200Bob's Manufactur                    881234567 PPDBILL            230131   1026009590000001
62702600959311               0000005999rb1            Rob Burton              0026009590000001
62702600959321               0000004999dh1            Doug Henley             0026009590000002
62702600959331               0000005999sm1            Susie McKay             0026009590000003
62702600959341               0000001998bd1            Bill Dobs               0026009590000004
6220260095931234             0000018996               Bob's Manufacturing     0026009590000005
82000000050013004795000000018995000000018996881234567                          026009590000001
9000001000001000000050013004795000000018995000000018996                                       
9999999999999999999999999999999999999999999999999999999999999999999999999999999999999999999999
