101 026009593 02600959323011400000094101Bank Of America        Bank Of America                
5200Bob's Manufactur                    881234567 CCDPAYMENT         230131   1026009590000001
6270260095931234             0001206389               0000Bob's Manufactur    0026009590000001
62202600959311               0001206389               0017Business Partner    1026009590000002
705UNB+UNOA:1+US::US+50138::THEM+140531:0305+001934++ORDERS'                       00010000002
705UNH+1+ORDERS:91:2:UN'                                                           00020000002
705BGM+220+A761902+4:20140530:102+9'                                               00030000002
705RFF+CT:EUA01349'                                                                00040000002
705RFF+AAV::C'                                                                     00050000002
705TXT+THIS IS WHAT AN EDI MESSAGE WOULD LOOK LIKE... '                            00060000002
705NAD+BY++OUR NAME PLC::::+++++EW4 34J'                                           00070000002
705CTA+PD'                                                                         00080000002
705COM+01752 253939:TE+01752 253939:FX+0:TL'                                       00090000002
705CTA+OC+:A.SURNAME'                                                              00100000002
705COM+2407:EX'                                                                    00110000002
705CTA+TI+:B.BROWN'                                                                00120000002
705COM+0:EX'                                                                       00130000002
705CTA+SU'                                                                         00140000002
705COM+0161 4297476:TE+01752 670633:FX'                                            00150000002
705UNT+15+1'                                                                       00160000002
705UNZ+1+001934'                                                                   00170000002
82000000190005201918000001206389000001206389881234567                          026009590000001
9000001000003000000190005201918000001206389000001206389                                       
9999999999999999999999999999999999999999999999999999999999999999999999999999999999999999999999
9999999999999999999999999999999999999999999999999999999999999999999999999999999999999999999999
9999999999999999999999999999999999999999999999999999999999999999999999999999999999999999999999
9999999999999999999999999999999999999999999999999999999999999999999999999999999999999999999999
9999999999999999999999999999999999999999999999999999999999999999999999999999999999999999999999
9999999999999999999999999999999999999999999999999999999999999999999999999999999999999999999999
9999999999999999999999999999999999999999999999999999999999999999999999999999999999999999999999
