101 091000080 0913105212301010810A094101FEDERAL RESERVE MPLS   Bell Bank                      
5200YOUR COMPANY NAME                   1234567890PPDPAYROLL   230101230101   1091310520000001
6220913105211111111111       00000000351234           John Doe                0091310520000001
6220913105212222222222       00000000206543           Jane Doe                0091310520000002
6270913105213333333333       00000000551000069999     Your Company Name       0091310520000003
820000000300273931560000000000550000000000551234567890                         091310520000001
9000001000001000000030027393156000000000055000000000055                                       
9999999999999999999999999999999999999999999999999999999999999999999999999999999999999999999999
9999999999999999999999999999999999999999999999999999999999999999999999999999999999999999999999
9999999999999999999999999999999999999999999999999999999999999999999999999999999999999999999999
